@inproceedings{kour2014real,
  title={Real-time segmentation of on-line handwritten arabic script},
  author={Kour, Georgeeeeeee and Saabne, Raid},
  booktitle={Frontiers in Handwriting Recognition (ICFHR), 2014 14th International Conference on},
  pages={417--422},
  year={2014},
  organization={IEEE}
}

@inproceedings{kour2014fast,
  title={Fast classification of handwritten on-line Arabic characters},
  author={Kour, George and Saabne, Raid},
  booktitle={Soft Computing and Pattern Recognition (SoCPaR), 2014 6th International Conference of},
  pages={312--318},
  year={2014},
  organization={IEEE}
}

@article{hadash2018estimate,
  title={Estimate and Replace: A Novel Approach to Integrating Deep Neural Networks with Existing Applications},
  author={Hadash, Guy and Kermany, Einat and Carmeli, Boaz and Lavi, Ofer and Kour, George and Jacovi, Alon},
  journal={arXiv preprint arXiv:1804.09028},
  year={2018}
}

@phdthesis{Fj18,
author={Fjellbo, R. Vegard S.},
title={Non-singular simplicial sets},
year={2018},
school={University of Oslo}
}

@article{Fj20-DN,
author={Fjellbo, R. Vegard S.},
title={Iterative desingularization},
journal={TBA 2020},
year={2020}
}

@article{FR20,
author={Fjellbo, R. Vegard S. and Rognes, John},
title={Exponentials of non-singular simplicial sets},
journal={TBA 2020},
year={2020}
}

@article{Fj20-HTY,
author={Fjellbo, R. Vegard S.},
title={Homotopy theory of non-singular simplicial sets},
journal={TBA 2020},
year={2020}
}

@article{Fj20-OPT,
author={Fjellbo, R. Vegard S.},
title={Optimal triangulation of regular simplicial sets},
publisher={arXiv},
volume={arXiv:2001.04339v1}
}

@article{AR15,
author={Adámek, J. and Rosický, J.},
title={On Reflective Subcategories of Locally Presentable Categories},
year={2015},
volume={30},
pages={1306--1318},
number={41},
journal={Theory and Applications of Categories},
}

@article{Al25,
author={Alexandroff, Paul},
title={Zur Begr\"undung der $n$-dimensionalen mengentheoretischen
Topologie},
language={German},
journal={Math. Ann.},
volume={94},
date={1925},
number={1},
pages={296--308},
issn={0025-5831},
review={\MR{1512259}},
doi={10.1007/BF01208660},
}

@book{Bo94,
author={Borceaux, Francis},
title={Handbook of Categorical Algebra I},
publisher={Cambridge University Press},
date={1994},
series={Encyclopedia of Mathematics and its Appllications},
volume={50},
}

@article{BS15,
author={Barnea, Ilan and Schlank, Tomer M.},
date={2015},
publisher={arXiv},
volume={arXiv:1407.1817v6},
}

@article{Ba69,
author={Baron, S.},
title={Reflectors as compositions of epi-reflectors},
year={1969},
publisher={American Mathematical Society},
doi={10.1090/S0002-9947-1969-0236237-1},
vol={136},
pages={499--508},
journal={Transactions of the Am. Math. Soc.},
}

@unpublished{Ba56,
author={Barratt, Michael G.},
title={Simplicial and semisimplicial complexes},
note={unpublished manuscript},
date={1956},
}

@article{BBP99,
author={Bednarczyk, Marek A. and Borzyszkowski, Andrzej M. and Pawlowski, Wieslaw},
title={Generalized congruences - epimorphisms in Cat},
volume={5},
date={1999},
number={11},
pages={266--280},
journal={Theory and Applications of Categories},
}

@unpublished{BP16,
author={Bruckner, R. and Pegel, C.},
title={Cofibrant objects in the Thomason Model Structure},
publisher={arXiv},
volume={arXiv:1603.05448v1},
note={Examples of cofibrant objects in the Thomason model structure}
}

@article{Br15,
author={Bruckner, Roman},
title={A Model Structure On The Category Of Small Acyclic Categories},
date={2015},
publisher={arXiv},
volume={arXiv:1508.00992},
}

@article{CPS06,
author={Chachólski, Wojciech and Pitsch, Wolfgang and },
title={Homotopy pull-back squares up to localization},
year={2006},
pages={55--72},
journal={Contemp. Math.},
publisher={Amer. Math. Soc.},
volume={399},
review={\MR{2216235}},
}

@article{Ci99,
   author={Cisinski, Denis-Charles},
   title={La classe des morphismes de Dwyer n’est pas stable par rétractes},
   journal={Cahiers Topologie G\'eom. Diff\'erentielle},
   volume={40},
   year={1999},
   number={3},
   pages={227--231},
   }
   
@article{Co73,
   author={Cohen, Marshall M.},
   title={A course in simple-homotopy theory},
   note={Graduate Texts in Mathematics, Vol. 10},
   publisher={Springer-Verlag},
   place={New York},
   date={1973},
   pages={x+144},
   }

@article{Da72,
author={Day, Brian},
title={A Reflection Theorem for Closed Categories},
journal={Journal of Pure and Applied Algebra},
year={1972},
publisher={Elsevier},
volume={2},
doi={10.1016/0022-4049(72)90021-7},
}

@article{EZ50,
author={Eilenberg, Samuel and Zilber, J. A.},
   title={Semi-simplicial complexes and singular homology},
   journal={Ann. of Math. (2)},
   volume={51},
   date={1950},
   pages={499--513},
   issn={0003-486X},
   review={\MR{0035434 (11,734e)}},
   }
  
@article{FL81,
author={Fritsch, Rudolf and Latch, Dana M.},
  title={Homotopy inverses for nerve},
  journal={Mathematische Zeitschrift},
  volume={177},
  year={1981},
  pages={147--179},
  }
  
@article{FP67,
author={Fritsch, Rudolf and Puppe, Dieter},
title={Die Homöomorphie der geometrischen Realiserungen einer semisimplizialen Menge und ihrer Normalunterteilung},
journal={Archiv der Mathematik},
volume={18},
year={1967},
pages={508--512},
place={Basel},
}
  
@book{FP90,
author={Fritsch, Rudolf and Piccinini, Renzo A.},
   title={Cellular structures in topology},
   series={Cambridge Studies in Advanced Mathematics},
   volume={19},
   publisher={Cambridge University Press},
   place={Cambridge},
   year={1990},
   pages={xii+326},
   }

@book{GJ09,
publisher={Birkhäuser Basel},
title={Simplicial Homotopy Theory},
author={Goerrs, Paul G. and Jardine, John F.},
year={2009},
isbn={978-3-0346-0188-7},
place={Basel},
doi={10.1007/978-3-0346-0189-4}
}

@book{GZ67,
author={Gabriel, P. and Zisman, M.},
   title={Calculus of fractions and homotopy theory},
   series={Ergebnisse der Mathematik und ihrer Grenzgebiete, Band 35},
   publisher={Springer-Verlag New York, Inc., New York},
   year={1967},
   pages={x+168},
   }

@book{He68,
author={Herrlich, H.},
year={1968},
title={Topologische Reflexionen und Coreflexionen},
series={Lecture Notes in Math.},
volume={78},
publisher={Springer-Verlag},
}

@book{Hi03,
author={Hirschhorn, Philip S.},
   title={Model Categories and Their Localizations},
   series={Mathematical Surveys and Monographs},
   volume={99},
   publisher={American Mathematical Society},
   place={Providence, RI},
   year={2003},
   isbn={0-8218-4917-4},
   }

@book{Ho99,
author={Hovey, Mark},
   title={Model categories},
   series={Mathematical Surveys and Monographs},
   volume={63},
   publisher={American Mathematical Society},
   place={Providence, RI},
   year={1999},
   pages={xii+209},
   isbn={0-8218-1359-5},
   review={\MR{1650134 (99h:55031)}},
   }

@book{Hu69,
author={Hudson, J. F. P.},
title={Piecewise linear topology},
series={University of Chicago Lecture Notes},
publisher={W. A. Benjamin, Inc.},
place={New York, New York},
year={1969},
}

@book{Il72,
author={Illusie, L.},
title={Complex Cotangent et Deformations II},
series={Lectures Notes in Mathematics},
publisher={Springer-Verlag Berlin Heidelberg},
volume={283},
isbn={978-3-540-05976-9},
date={1972},
issn={0075-8434},
doi={10.1007/BFb0059573},
}

@article{Ja13,
author={Jardine, J. F.},
title={Homotopy theories of diagrams},
journal={Theory and Applications of Categories},
volume={28},
year={2013},
pages={269--303},
}

@article{Ka57,
author={Kan, Daniel M.},
   title={On c. s. s. complexes},
   journal={Amer. J. Math.},
   volume={79},
   year={1957},
   pages={449--476},
   }

@phdthesis{Le78,
author={Lewis Jr., Gaunce},
title={The Stable Category and Generalized Thom Spectra},
year={1978},
school={University of Chicago},
note={Appendix A Compactly Generated Spaces}
}

@book{Lu09,
author={Lurie, Jacob},
   title={Higher topos theory},
   series={Annals of Mathematics Studies},
   volume={170},
   publisher={Princeton University Press},
   place={Princeton, NJ},
   date={2009},
   pages={xviii+925},
   isbn={978-0-691-14049-0},
   isbn={0-691-14049-9},
   review={\MR{2522659 (2010j:18001)}},
}

@book{Ma99,
author={May, Peter},
title={A Concise Course in Algebraic Topology},
publisher={The University of Chicago Press},
series={Chicago Lectures in Mathematics},
date={1999},
isbn={9780226511832},
}

@unpublished{MSZ17,
author={May, J. P. and Stephan, Marc and Zakharevich, I.},
title={The homotopy theory of equivariant posets},
publisher={arXiv},
volume={arXiv:1601.02521v3},
note={Results analogous to Raptis' for G-spaces}
}

@book{ML98,
author={Mac Lane, Saunders},
title={Categories for the Working Mathematician},
series={Graduate texts in mathematics},
volume={5},
isbm={0-387-98403-8},
publisher={Springer-Verlag New York, Inc.},
year={1998},
place={New York},
}

@article{Me67,
author={Metzler, Wolfgang},
title={Beispiele zu Unterteilungsfragen bei CW- und Simplizialkomplexen},
publisher={Birkhäuser-Verlag},
journal={Archiv der Mathematik},
place={Basel},
volume={18},
number={5},
pages={513--519},
year={1967},
doi={10.1007/BF01899491},
}

@article{Qu73,
author={Quillen, Daniel},
  title={Higher Algebraic K-theory: I},
  date={1973},
  publisher={Springer},
  journal={Lecture notes in Math.},
  volume={341},
  pages={85--147},
}

@book{Qu67,
author={Quillen, Daniel G.},
   title={Homotopical algebra},
   series={Lecture Notes in Mathematics, No. 43},
   publisher={Springer-Verlag},
   place={Berlin},
   year={1967},
   pages={iv+156 pp. (not consecutively paged)},
   review={\MR{0223432 (36 \#6480)}},
   }

@article{Ra10,
author={Raptis, George},
  title={Homotopy theory of posets},
  journal={Homology, homotopy and applications},
  year={2010},
  volume={12},
  number={2},
  pages={211--230},
}

@article{RR15,
author={Raptis, G. and Rosický, J.},
title={The Accessibility Rank of Weak Equivalences},
date={2015},
publisher={arXiv},
volume={arXiv:1403.3042v2},
}

@book{RS72,
author={Rourke, C. P. and Sanderson, B. J.},
   title={Introduction to piecewise-linear topology},
   note={Ergebnisse der Mathematik und ihrer Grenzgebiete, Band 69},
   publisher={Springer-Verlag},
   place={New York},
   year={1972},
   pages={viii+123},
}

@article{Se68,
author={Segal, Graeme},
title={Classifying Spaces and Spectral Sequences},
year={1968},
volume={34},
pages={105--112},
journal={Publications Mathématiques de l'IHÉS},
publisher={Numdam}
}

@article{Se65,
author={Segal, Jack},
title={Isomorphic complexes},
publisher={American Mathematical Society},
series={Bulletin},
date={1965},
volume={71},
number={3},
pages={571--572},
}

@book{Sp66,
author={Spanier, Edwin H.},
   title={Algebraic topology},
   publisher={McGraw-Hill Book Co.},
   place={New York},
   date={1966},
   pages={xiv+528},
}

@article{St66,
author={Strøm, Arne},
  title={Note on cofibrations},
  journal={Math. Scand.},
  volume={19},
  year={1966},
  pages={11--14},
}

@article{St72,
author={Strøm, Arne},
journal={Archiv der Mathematik},
title={The homotopy category is a homotopy category},
volume={23},
year={1972},
pages={435--441},
publisher={Birkhäuser-Verlag}
}

@article{Th80,
author={Thomason, R. W.},
   title={Cat as a closed model category},
   journal={Cahiers Topologie G\'eom. Diff\'erentielle},
   volume={21},
   year={1980},
   number={3},
   pages={305--324},
}

@book{WJR13,
author={Waldhausen, Friedhelm and Jahren, Bj{\o}rn and Rognes, John},
   title={Spaces of PL manifolds and categories of simple maps},
   series={Annals of Mathematics Studies},
   volume={186},
   publisher={Princeton University Press},
   year={2013},
}

@article{Wh39,
author={Whitehead, J.H.C.},
   title={Simplicial spaces, nuclei and m-groups.},
   language={English},
   journal={Proc. Lond. Math. Soc., II. Ser.},
   volume={45},
   pages={243--327},
   year={1939},
   doi={10.1112/plms/s2-45.1.243},
}


